<?xml version="1.0" encoding="UTF-8"?><record xmlns="http://www.loc.gov/MARC21/slim" xmlns:cinclude="http://apache.org/cocoon/include/1.0" xmlns:zs="http://www.loc.gov/zing/srw/">
  <leader>00348cz  a2200121n  4500</leader>
  <controlfield tag="001">n  91043005 </controlfield>
  <controlfield tag="003">DLC</controlfield>
  <controlfield tag="005">19910530111759.9</controlfield>
  <controlfield tag="008">910501n| acannaab|          |n aaa ||| c</controlfield>
  <datafield tag="010" ind1=" " ind2=" ">
    <subfield code="a">n  91043005 </subfield>
  </datafield>
  <datafield tag="040" ind1=" " ind2=" ">
    <subfield code="a">CU</subfield>
    <subfield code="c">CU</subfield>
    <subfield code="d">DLC</subfield>
  </datafield>
  <datafield tag="100" ind1="1" ind2="0">
    <subfield code="a">Magrini, Cesare,</subfield>
    <subfield code="d">1958-</subfield>
  </datafield>
  <datafield tag="670" ind1=" " ind2=" ">
    <subfield code="a">His Augusto e Gaetano Pollastri, c1990:</subfield>
    <subfield code="b">t.p. (Cesare Magrini) jkt. (b. Bologna 1958)</subfield>
  </datafield>
</record>